<record><leader>00000cas a2200000 a 4500</leader><controlfield tag="001">24090374</controlfield><controlfield tag="008">910717d18781918iluwr ne      0   a0eng c</controlfield><datafield ind1=" " ind2=" " tag="010"><subfield code="a">sn 91054107 </subfield></datafield><datafield ind1=" " ind2=" " tag="040"><subfield code="a">NVF</subfield><subfield code="b">eng</subfield><subfield code="c">NVF</subfield><subfield code="d">OCLCQ</subfield><subfield code="d">NVF</subfield><subfield code="d">OCLCQ</subfield><subfield code="d">OCLCF</subfield><subfield code="d">NVF</subfield><subfield code="d">OCLCO</subfield></datafield><datafield ind1="1" ind2=" " tag="029"><subfield code="a">AU@</subfield><subfield code="b">000025869088</subfield></datafield><datafield ind1=" " ind2=" " tag="042"><subfield code="a">pcc</subfield></datafield><datafield ind1=" " ind2=" " tag="043"><subfield code="a">n-us-il</subfield></datafield><datafield ind1="0" ind2="0" tag="245"><subfield code="a">Mt. Carmel Republican.</subfield></datafield><datafield ind1="3" ind2=" " tag="246"><subfield code="a">Mount Carmel Republican</subfield></datafield><datafield ind1=" " ind2=" " tag="250"><subfield code="a">Weekend ed.</subfield></datafield><datafield ind1=" " ind2=" " tag="260"><subfield code="a">Mt. Carmel, Ill. :</subfield><subfield code="b">Rich H. Brown</subfield></datafield><datafield ind1=" " ind2=" " tag="300"><subfield code="a">v.</subfield></datafield><datafield ind1=" " ind2=" " tag="310"><subfield code="a">Weekly</subfield></datafield><datafield ind1="1" ind2=" " tag="362"><subfield code="a">Began in 1878? Ceased in 1918?</subfield></datafield><datafield ind1=" " ind2=" " tag="515"><subfield code="a">Some issues lack page and numbering designation.</subfield></datafield><datafield ind1=" " ind2=" " tag="515"><subfield code="a">Various incorrect chronology and volume numbering.</subfield></datafield><datafield ind1=" " ind2=" " tag="525"><subfield code="a">Separately dated supplements accompany some issues.</subfield></datafield><datafield ind1=" " ind2=" " tag="530"><subfield code="a">Preservation microfilmed by the University of Illinois at Urbana-Champaign Library as part of the United States Newspaper Program; the years 1885-1905 (on 4 microfilm reels) are available for purchase from OCLC Preservation Service Centers.</subfield></datafield><datafield ind1=" " ind2=" " tag="580"><subfield code="a">Daily eds.: Mount Carmel daily republican, &lt;1898&gt;; and Mt. Carmel Republican (Mount Carmel, Ill. : Daily), 1899-1918.</subfield></datafield><datafield ind1=" " ind2=" " tag="580"><subfield code="a">Merged with: Mount Carmel register, to form: Mount Carmel Republican-register.</subfield></datafield><datafield ind1=" " ind2=" " tag="588"><subfield code="a">Description based on: Vol. 1, no. 39 (Apr. 26, 1879).</subfield></datafield><datafield ind1=" " ind2=" " tag="588"><subfield code="a">Latest issue consulted: Vol. 26 (Nov. 3, 1905).</subfield></datafield><datafield ind1=" " ind2="0" tag="651"><subfield code="a">Mount Carmel (Ill.)</subfield><subfield code="v">Newspapers.</subfield></datafield><datafield ind1=" " ind2="7" tag="651"><subfield code="a">Illinois</subfield><subfield code="z">Mount Carmel.</subfield><subfield code="2">fast</subfield><subfield code="0">(OCoLC)fst01208832</subfield></datafield><datafield ind1=" " ind2="7" tag="655"><subfield code="a">Newspapers.</subfield><subfield code="2">fast</subfield><subfield code="0">(OCoLC)fst01423814</subfield></datafield><datafield ind1=" " ind2=" " tag="752"><subfield code="a">United States</subfield><subfield code="b">Illinois</subfield><subfield code="c">Wabash</subfield><subfield code="d">Mount Carmel.</subfield></datafield><datafield ind1="1" ind2=" " tag="775"><subfield code="t">Mount Carmel daily republican</subfield><subfield code="w">(DLC)sn2009271110</subfield><subfield code="w">(OCoLC)426143224</subfield></datafield><datafield ind1="1" ind2=" " tag="775"><subfield code="t">Mt. Carmel Republican (Mount Carmel, Ill. : Daily)</subfield><subfield code="w">(DLC)sn2007061058</subfield><subfield code="w">(OCoLC)183327426</subfield></datafield><datafield ind1="1" ind2="7" tag="785"><subfield code="t">Mount Carmel register</subfield><subfield code="w">(DLC)sn 82015350</subfield><subfield code="w">(OCoLC)8808006</subfield></datafield><datafield ind1="1" ind2="7" tag="785"><subfield code="t">Mount Carmel Republican-register</subfield></datafield></record>